
@article{berlinski2014,
  title = {Franchise {{Extension}} and the {{B}} Ritish {{Aristocracy}}},
  author = {Berlinski, Samuel and Dewan, Torun and Van Coppenolle, Brenda},
  date = {2014},
  journaltitle = {Legislative Studies Quarterly},
  volume = {39},
  pages = {531--558},
  publisher = {{Wiley Online Library}},
  file = {/Users/tnowacki/Zotero/storage/XTLS4ZSD/lsq.html},
  number = {4}
}

@book{butler1974,
  title = {Political Change in {{Britain}}: {{Basis}} of Electoral Choice},
  shorttitle = {Political Change in {{Britain}}},
  author = {Butler, David and Stoke, Donald},
  date = {1974},
  publisher = {{Springer}},
  file = {/Users/tnowacki/Zotero/storage/NNVC6J7G/books.html}
}

@book{cain1987a,
  title = {The Personal Vote: {{Constituency}} Service and Electoral Independence},
  shorttitle = {The Personal Vote},
  author = {Cain, Bruce and Ferejohn, John and Fiorina, Morris},
  date = {1987},
  publisher = {{Harvard University Press}},
  file = {/Users/tnowacki/Zotero/storage/39GDKMUS/322495.html}
}

@book{cox1987a,
  title = {The {{Efficient Secret}}},
  author = {Cox, Gary W.},
  date = {1987},
  publisher = {{Cambridge: Cambridge University Press}}
}

@article{cox1992,
  title = {Suffrage {{Expansion}} and {{Legislative Behavior}} in {{Nineteenth}}-{{Century Britain}}},
  author = {Cox, Gary W. and Ingram, James W.},
  date = {1992},
  journaltitle = {Social science history},
  volume = {16},
  pages = {539--560},
  publisher = {{Cambridge University Press}},
  file = {/Users/tnowacki/Zotero/storage/XJ9RUHCU/Cox and Ingram - 1992 - Suffrage Expansion and Legislative Behavior in Nin.pdf;/Users/tnowacki/Zotero/storage/LZ98H78R/7AE2CC5B9E6678713E08594639384D9B.html},
  number = {4}
}

@article{cox1992a,
  title = {The {{Origins}} of {{Whip Votes}} in the {{House}} of {{Commons}}},
  author = {Cox, Gary W.},
  date = {1992},
  journaltitle = {Parliamentary History},
  volume = {11},
  pages = {278},
  publisher = {{Alan Sutton Publishing}},
  file = {/Users/tnowacki/Zotero/storage/ELJIQHTE/1300113867.html},
  number = {2}
}

@article{cox1996,
  title = {Why Did the Incumbency Advantage in {{US House}} Elections Grow?},
  author = {Cox, Gary W. and Katz, Jonathan N.},
  date = {1996},
  journaltitle = {American journal of political science},
  pages = {478--497},
  publisher = {{JSTOR}},
  file = {/Users/tnowacki/Zotero/storage/JCXHEHQ3/Cox and Katz - 1996 - Why did the incumbency advantage in US House elect.pdf;/Users/tnowacki/Zotero/storage/3NNFCCFF/2111633.html}
}

@article{cox1996a,
  title = {Factional Competition for the Party Endorsement: {{The}} Case of {{Japan}}'s {{Liberal Democratic Party}}},
  shorttitle = {Factional Competition for the Party Endorsement},
  author = {Cox, Gary W. and Rosenbluth, Frances},
  date = {1996},
  journaltitle = {British Journal of Political Science},
  volume = {26},
  pages = {259--269},
  publisher = {{Cambridge University Press}},
  file = {/Users/tnowacki/Zotero/storage/JLWC8IMR/Cox and Rosenbluth - 1996 - Factional competition for the party endorsement T.pdf;/Users/tnowacki/Zotero/storage/H77EKXTP/B0996A8BC98F8092E9A3FD2040E0381E.html},
  number = {2}
}

@article{dewan2011a,
  title = {Strategic Opposition and Government Cohesion in {{Westminster}} Democracies},
  author = {Dewan, Torun and Spirling, Arthur},
  date = {2011},
  journaltitle = {American Political Science Review},
  pages = {337--358},
  publisher = {{JSTOR}},
  file = {/Users/tnowacki/Zotero/storage/5ZA3YCVM/Dewan and Spirling - 2011 - Strategic opposition and government cohesion in We.pdf;/Users/tnowacki/Zotero/storage/P58NWMEA/41495069.html}
}

@article{eggers2014a,
  title = {Ministerial Responsiveness in Westminster Systems: {{Institutional}} Choices and {{House}} of {{Commons}} Debate, 1832â€“1915},
  shorttitle = {Ministerial Responsiveness in Westminster Systems},
  author = {Eggers, Andrew C. and Spirling, Arthur},
  date = {2014},
  journaltitle = {American Journal of Political Science},
  volume = {58},
  pages = {873--887},
  publisher = {{Wiley Online Library}},
  file = {/Users/tnowacki/Zotero/storage/XJ4AECA3/ajps.html},
  number = {4}
}

@book{smith1973,
  title = {The {{Parliaments}} of {{England}}, from 1715 to 1847},
  author = {Smith, Henry Stooks},
  date = {1973},
  publisher = {{Political Reference Publications}}
}


